@article{lipp2014minimum,
  title={Minimum-time speed optimisation over a fixed path},
  author={Lipp, Thomas and Boyd, Stephen},
  journal={International Journal of Control},
  volume={87},
  number={6},
  pages={1297--1311},
  year={2014},
  publisher={Taylor \& Francis}
}
@inproceedings{zhu2015convex,
  title={A convex optimization approach to smooth trajectories for motion planning with car-like robots},
  author={Zhu, Zhijie and Schmerling, Edward and Pavone, Marco},
  booktitle={2015 54th IEEE conference on decision and control (CDC)},
  pages={835--842},
  year={2015},
  organization={IEEE}
}

